@article{brown2012spider,
  title={Spider: an R package for the analysis of species identity and evolution, with particular reference to DNA barcoding},
  author={Brown, Samuel DJ and Collins, Rupert A and Boyer, Stephane and Lefort, Marie-Caroline and Malumbres-Olarte, Jagoba and Vink, Cor J and Cruickshank, Robert H},
  journal={Molecular Ecology Resources},
  volume={12},
  number={3},
  pages={562--565},
  year={2012},
  publisher={Wiley Online Library}
}


@article{elbrecht2016primerminer,
  title={PrimerMiner: an R package for development and in silico validation of DNA metabarcoding primers},
  author={Elbrecht, Vasco and Leese, Florian},
  journal={Methods in Ecology and Evolution},
  year={2016},
  publisher={Wiley Online Library}
}


@article{ficetola2010silico,
  title={An in silico approach for the evaluation of DNA barcodes},
  author={Ficetola, Gentile Francesco and Coissac, Eric and Zundel, St{\'e}phanie and Riaz, Tiayyba and Shehzad, Wasim and Bessi{\`e}re, Julien and Taberlet, Pierre and Pompanon, Fran{\c{c}}ois},
  journal={BMC genomics},
  volume={11},
  number={1},
  pages={434},
  year={2010},
  publisher={BioMed Central}
}


@incollection{charif2007seqinr,
  title={SeqinR 1.0-2: a contributed package to the R project for statistical computing devoted to biological sequences retrieval and analysis},
  author={Charif, Delphine and Lobry, Jean R},
  booktitle={Structural approaches to sequence evolution},
  pages={207--232},
  year={2007},
  publisher={Springer}
}

@article{chamberlain2013taxize,
  title={taxize: taxonomic search and retrieval in R},
  author={Chamberlain, Scott A and Sz{\"o}cs, Eduard},
  journal={F1000Research},
  volume={2},
  year={2013}
}

@article{paradis2004ape,
  title={APE: analyses of phylogenetics and evolution in R language},
  author={Paradis, Emmanuel and Claude, Julien and Strimmer, Korbinian},
  journal={Bioinformatics},
  volume={20},
  number={2},
  pages={289--290},
  year={2004},
  publisher={Oxford Univ Press}
}



@article{himes2014rna,
  title={RNA-Seq transcriptome profiling identifies CRISPLD2 as a glucocorticoid responsive gene that modulates cytokine function in airway smooth muscle cells},
  author={Himes, Blanca E and Jiang, Xiaofeng and Wagner, Peter and Hu, Ruoxi and Wang, Qiyu and Klanderman, Barbara and Whitaker, Reid M and Duan, Qingling and Lasky-Su, Jessica and Nikolos, Christina and others},
  journal={PloS One},
  volume={9},
  number={6},
  pages={e99625},
  year={2014},
}


@article{mcmurdie2013phyloseq,
  title={phyloseq: an R package for reproducible interactive analysis and graphics of microbiome census data},
  author={McMurdie, Paul J and Holmes, Susan},
  journal={PloS One},
  volume={8},
  number={4},
  pages={e61217},
  year={2013},
}

@article{segata2012metagenomic,
  title={Metagenomic microbial community profiling using unique clade-specific marker genes},
  author={Segata, Nicola and Waldron, Levi and Ballarini, Annalisa and Narasimhan, Vagheesh and Jousson, Olivier and Huttenhower, Curtis},
  journal={Nature Methods},
  volume={9},
  number={8},
  pages={811--814},
  year={2012},
}

@Manual{hadley2016dplyr,
    title = {dplyr: A Grammar of Data Manipulation},
    author = {Hadley Wickham and Romain Francois},
    year = {2016},
    note = {R package version 0.5.0},
    url = {https://CRAN.R-project.org/package=dplyr},
}

@article{walters2016improved,
  title={Improved Bacterial 16S rRNA Gene (V4 and V4-5) and Fungal Internal Transcribed Spacer Marker Gene Primers for Microbial Community Surveys},
  author={Walters, William and Hyde, Embriette R and Berg-Lyons, Donna and Ackermann, Gail and Humphrey, Greg and Parada, Alma and Gilbert, Jack A and Jansson, Janet K and Caporaso, J Gregory and Fuhrman, Jed A and others},
  journal={mSystems},
  volume={1},
  number={1},
  pages={e00009--15},
  year={2016},
}

@manual{foster2016metacoder_manual,
  title={Metacoder user documentation},
  author={Foster, Zachary S L and Gr{\"u}nwald, Niklaus J},
  url={http://grunwaldlab.github.io/metacoder_documentation},
  doi={10.5281/zenodo.158228},
  year={2016},
}

@article{schloss2009introducing,
  title={Introducing mothur: open-source, platform-independent, community-supported software for describing and comparing microbial communities},
  author={Schloss, Patrick D and Westcott, Sarah L and Ryabin, Thomas and Hall, Justine R and Hartmann, Martin and Hollister, Emily B and Lesniewski, Ryan A and Oakley, Brian B and Parks, Donovan H and Robinson, Courtney J and others},
  journal={Appl Environ Microbiol},
  volume={75},
  number={23},
  pages={7537--7541},
  year={2009},
}

@article{desantis2006greengenes,
  title={Greengenes, a chimera-checked 16S rRNA gene database and workbench compatible with ARB},
  author={DeSantis, Todd Z and Hugenholtz, Philip and Larsen, Neils and Rojas, Mark and Brodie, Eoin L and Keller, Keith and Huber, Thomas and Dalevi, Daniel and Hu, Ping and Andersen, Gary L},
  journal={Appl Environn Microbiol},
  volume={72},
  number={7},
  pages={5069--5072},
  year={2006},
}

@article{quast2013silva,
  title={The SILVA ribosomal RNA gene database project: improved data processing and web-based tools},
  author={Quast, Christian and Pruesse, Elmar and Yilmaz, Pelin and Gerken, Jan and Schweer, Timmy and Yarza, Pablo and Peplies, J{\"o}rg and Gl{\"o}ckner, Frank Oliver},
  journal={Nucleic Acids Res},
  volume={41},
  number={D1},
  pages={D590--D596},
  year={2013},
}

@article{caporaso2012ultra,
  title={Ultra-high-throughput microbial community analysis on the Illumina HiSeq and MiSeq platforms},
  author={Caporaso, J Gregory and Lauber, Christian L and Walters, William A and Berg-Lyons, Donna and Huntley, James and Fierer, Noah and Owens, Sarah M and Betley, Jason and Fraser, Louise and Bauer, Markus and others},
  journal={ISME J},
  volume={6},
  number={8},
  pages={1621--1624},
  year={2012},
}

@article{benson2013genbank,
  title={GenBank},
  author={Benson, Dennis A and Cavanaugh, Mark and Clark, Karen and Karsch-Mizrachi, Ilene and Lipman, David J and Ostell, James and Sayers, Eric W},
  journal={Nucleic Acids Res},
  volume={41},
  number={D1},
  pages={D36--D42},
  year={2013},
}

@article{maidak1996ribosomal,
  title={The ribosomal database project (RDP)},
  author={Maidak, Bonnie L and Olsen, Gary J and Larsen, Niels and Overbeek, Ross and McCaughey, Michael J and Woese, Carl R},
  journal={Nucleic Acids Res},
  volume={24},
  number={1},
  pages={82--85},
  year={1996},
}

@article{guillou2012protist,
  title={The Protist Ribosomal Reference database (PR2): a catalog of unicellular eukaryote small sub-unit rRNA sequences with curated taxonomy},
  author={Guillou, Laure and Bachar, Dipankar and Audic, St{\'e}phane and Bass, David and Berney, C{\'e}dric and Bittner, Lucie and Boutte, Christophe and Burgaud, Ga{\'e}tan and De Vargas, Colomban and Decelle, Johan and others},
  journal={Nucleic Acids Res},
  volume={41},
  pages={D597-D604},
  year={2012},
}

@article{koljalg2013towards,
  title={Towards a unified paradigm for sequence-based identification of fungi},
  author={K{\~o}ljalg, Urmas and Nilsson, R Henrik and Abarenkov, Kessy and Tedersoo, Leho and Taylor, Andy FS and Bahram, Mohammad and Bates, Scott T and Bruns, Thomas D and Bengtsson-Palme, Johan and Callaghan, Tony M and others},
  journal={Mol Ecol},
  volume={22},
  number={21},
  pages={5271--5277},
  year={2013},
}

@article{cristescu2014barcoding,
  title={From barcoding single individuals to metabarcoding biological communities: towards an integrative approach to the study of global biodiversity},
  author={Cristescu, Melania E},
  journal={Trends Ecol Evol},
  volume={29},
  number={10},
  pages={566--571},
  year={2014},
}

@article{walters2016improved,
  title={Improved Bacterial 16S rRNA Gene (V4 and V4-5) and Fungal Internal Transcribed Spacer Marker Gene Primers for Microbial Community Surveys},
  author={Walters, William and Hyde, Embriette R and Berg-Lyons, Donna and Ackermann, Gail and Humphrey, Greg and Parada, Alma and Gilbert, Jack A and Jansson, Janet K and Caporaso, J Gregory and Fuhrman, Jed A and others},
  journal={mSystems},
  volume={1},
  number={1},
  pages={e00009--15},
  year={2016},
}

@article{sapkota2015improved,
  title={An improved high throughput sequencing method for studying oomycete communities},
  author={Sapkota, Rumakanta and Nicolaisen, Mogens},
  journal={J Microbiol Methods},
  volume={110},
  pages={33--39},
  year={2015},
}

@article{choi2015towards,
  title={Towards a universal barcode of oomycetes--a comparison of the cox1 and cox2 loci},
  author={Choi, Young-Joon and Beakes, Gordon and Glockling, Sally and Kruse, Julia and Nam, Bora and Nigrelli, Lisa and Ploch, Sebastian and Shin, Hyeon-Dong and Shivas, Roger G and Telle, Sabine and others},
  journal={Mol Ecol Res},
  volume={15},
  number={6},
  pages={1275--1288},
  year={2015},
}

@article{klindworth2012evaluation,
  title={Evaluation of general 16S ribosomal RNA gene PCR primers for classical and next-generation sequencing-based diversity studies},
  author={Klindworth, Anna and Pruesse, Elmar and Schweer, Timmy and Peplies, J{\"o}rg and Quast, Christian and Horn, Matthias and Gl{\"o}ckner, Frank Oliver},
  journal={Nucleic Acids Res},
  pages={gks808},
  year={2012},
}

@article{de2015eukaryotic,
  title={Eukaryotic plankton diversity in the sunlit ocean},
  author={De Vargas, Colomban and Audic, St{\'e}phane and Henry, Nicolas and Decelle, Johan and Mah{\'e}, Fr{\'e}d{\'e}ric and Logares, Ramiro and Lara, Enrique and Berney, C{\'e}dric and Le Bescot, Noan and Probert, Ian and others},
  journal={Science},
  volume={348},
  number={6237},
  pages={1261605},
  year={2015},
}

@article{gilbert2014earth,
  title={The Earth Microbiome project: successes and aspirations},
  author={Gilbert, Jack A and Jansson, Janet K and Knight, Rob},
  journal={BMC Biol},
  volume={12},
  number={1},
  pages={1},
  year={2014},
}

@article{de2015eukaryotic,
  title={Eukaryotic plankton diversity in the sunlit ocean},
  author={De Vargas, Colomban and Audic, St{\'e}phane and Henry, Nicolas and Decelle, Johan and Mah{\'e}, Fr{\'e}d{\'e}ric and Logares, Ramiro and Lara, Enrique and Berney, C{\'e}dric and Le Bescot, Noan and Probert, Ian and others},
  journal={Science},
  volume={348},
  number={6237},
  pages={1261605},
  year={2015},
}

@article{coleman2016plant,
  title={Plant compartment and biogeography affect microbiome composition in cultivated and native Agave species},
  author={Coleman-Derr, Devin and Desgarennes, Damaris and Fonseca-Garcia, Citlali and Gross, Stephen and Clingenpeel, Scott and Woyke, Tanja and North, Gretchen and Visel, Axel and Partida-Martinez, Laila P and Tringe, Susannah G},
  journal={New Phytol},
  volume={209},
  number={2},
  pages={798--811},
  year={2016},
}

@article{yu2012biodiversity,
  title={Biodiversity soup: metabarcoding of arthropods for rapid biodiversity assessment and biomonitoring},
  author={Yu, Douglas W and Ji, Yinqiu and Emerson, Brent C and Wang, Xiaoyang and Ye, Chengxi and Yang, Chunyan and Ding, Zhaoli},
  journal={Methods Ecol Evol},
  volume={3},
  number={4},
  pages={613--623},
  year={2012},
}

@article{human2012structure,
  title={Structure, function and diversity of the healthy human microbiome},
  author={Human Microbiome Project Consortium and others},
  journal={Nature},
  volume={486},
  number={7402},
  pages={207--214},
  year={2012},
}